@article{Herlihy1990,
	author = {Herlihy, Maurice P. and Wing, Jeannette M.},
	title = {{Linearizability: A Correctness Condition for Concurrent Objects}},
	journal = {{ACM Transactions on Programming Languages and Systems}},
	issue_date = {July 1990},
	volume = {12},
	number = {3},
	month = jul,
	year = {1990},
	issn = {0164-0925},
	pages = {463--492},
	numpages = {30},
	doi = {10.1145/78969.78972},
	acmid = {78972},
	publisher = {ACM},
	address = {New York, NY, USA},
}

@inproceedings{Walter,
	author = {Sovran, Yair and Power, Russell and Aguilera, Marcos K. and Li, Jinyang},
	title = {{Transactional Storage for Geo-replicated Systems}},
	booktitle = {{Proceedings of the Twenty-Third ACM Symposium on Operating Systems Principles}},
	series = {SOSP '11},
	year = {2011},
	isbn = {978-1-4503-0977-6},
	location = {Cascais, Portugal},
	pages = {385--400},
	numpages = {16},
	doi = {10.1145/2043556.2043592},
	acmid = {2043592},
	publisher = {ACM},
	address = {New York, NY, USA},
	keywords = {asynchronous replication, distributed storage, geo-distributed systems, key-value store, parallel snapshot isolation, transactions},
}

@inproceedings{Berenson95,
	author = {Berenson, Hal and Bernstein, Phil and Gray, Jim and Melton, Jim and O'Neil, Elizabeth and O'Neil, Patrick},
	title = {{A Critique of ANSI SQL Isolation Levels}},
	booktitle = {{Proceedings of the 1995 ACM SIGMOD International Conference on Management of Data}},
	series = {SIGMOD '95},
	year = {1995},
	isbn = {0-89791-731-6},
	location = {San Jose, California, USA},
	pages = {1--10},
	numpages = {10},
	doi = {10.1145/223784.223785},
	acmid = {223785},
	publisher = {ACM},
	address = {New York, NY, USA},
}

@inproceedings{Calm,
	author    = {Peter Alvaro and Neil Conway and Joe Hellerstein and William R. Marczak},
	title     = {{Consistency Analysis in Bloom: a {CALM} and Collected Approach}},
	booktitle = {{CIDR} 2011, Fifth Biennial Conference on Innovative Data Systems
		Research, Asilomar, CA, USA, January 9-12, 2011, Online Proceedings},
	year      = {2011},
	pages     = {249--260},
	url       = {http://www.cidrdb.org/cidr2011/Papers/CIDR11_Paper35.pdf},
}

@inproceedings{Sieve,
	author = {Li, Cheng and Leit\~{a}o, Jo\~{a}o and Clement, Allen and Pregui\c{c}a, Nuno and Rodrigues, Rodrigo and Vafeiadis, Viktor},
	title = {{Automating the Choice of Consistency Levels in Replicated Systems}},
	booktitle = {{Proceedings of the 2014 USENIX Conference on USENIX Annual Technical Conference}},
	series = {USENIX ATC'14},
	year = {2014},
	isbn = {978-1-931971-10-2},
	location = {Philadelphia, PA},
	pages = {281--292},
	numpages = {12},
	url = {http://dl.acm.org/citation.cfm?id=2643634.2643664},
	acmid = {2643664},
	publisher = {USENIX Association},
	address = {Berkeley, CA, USA},
}

@inproceedings{Eiger,
	author = {Lloyd, Wyatt and Freedman, Michael J. and Kaminsky, Michael and Andersen, David G.},
	title = {{Stronger Semantics for Low-latency Geo-replicated Storage}},
	booktitle = {{Proceedings of the 10th USENIX Conference on Networked Systems Design and Implementation}},
	series = {nsdi'13},
	year = {2013},
	location = {Lombard, IL},
	pages = {313--328},
	numpages = {16},
	url = {http://dl.acm.org/citation.cfm?id=2482626.2482657},
	acmid = {2482657},
	publisher = {USENIX Association},
	address = {Berkeley, CA, USA},
}




@inproceedings{BoltOn,
	author = {Bailis, Peter and Ghodsi, Ali and Hellerstein, Joseph M. and Stoica, Ion},
	title = {{Bolt-on Causal Consistency}},
	booktitle = {{Proceedings of the 2013 ACM SIGMOD International Conference on Management of Data}},
	series = {SIGMOD '13},
	year = {2013},
	isbn = {978-1-4503-2037-5},
	location = {New York, New York, USA},
	pages = {761--772},
	numpages = {12},
	doi = {10.1145/2463676.2465279},
	acmid = {2465279},
	publisher = {ACM},
	address = {New York, NY, USA},
	keywords = {causal consistency, eventual consistency, separation of concerns},
}

@incollection{SSS,
	author={Shapiro, Marc and Preguiça, Nuno and Baquero, Carlos and Zawirski, Marek},
	year={2011},
	isbn={978-3-642-24549-7},
	booktitle={{Stabilization, Safety, and Security of Distributed Systems}},
	volume={6976},
	series={Lecture Notes in Computer Science},
	editor={Défago, Xavier and Petit, Franck and Villain, Vincent},
	doi={10.1007/978-3-642-24550-3_29},
	title={{Conflict-Free Replicated Data Types}},
	publisher={Springer Berlin Heidelberg},
	keywords={Eventual Consistency; Replicated Shared Objects; Large-Scale Distributed Systems},
	pages={386-400},
	language={English}
}

@misc{Z3,
	key = {Z3},
	title={{High-performance Theorem Prover}},
	url = {http://z3.codeplex.com/},
	note = {Accessed: 2014-11-4 13:21:00},
	year = {2014}

}

@misc{RUBiS,
	key = {RUBiS},
	title={{Rice University Bidding System}},
	url = {http://rubis.ow2.org/},
	note = {Accessed: 2014-11-4 13:21:00},
	year = {2014}

}

@misc{Twissandra,
	key = {Twissandra},
	title={{Twitter clone on Cassandra}},
	url = {http://twissandra.com/},
	note = {Accessed: 2014-11-4 13:21:00},
	year = {2014}
}

@inproceedings{YCSB,
	author = {Cooper, Brian F. and Silberstein, Adam and Tam, Erwin and Ramakrishnan, Raghu and Sears, Russell},
	title = {{Benchmarking Cloud Serving Systems with YCSB}},
	booktitle = {{Proceedings of the 1st ACM Symposium on Cloud Computing}},
	series = {SoCC '10},
	year = {2010},
	isbn = {978-1-4503-0036-0},
	location = {Indianapolis, Indiana, USA},
	pages = {143--154},
	numpages = {12},
	doi = {10.1145/1807128.1807152},
	acmid = {1807152},
	publisher = {ACM},
	address = {New York, NY, USA},
	keywords = {benchmarking, cloud serving database},
}


@inproceedings{Burckhardt2012,
	author = {Burckhardt, Sebastian and Leijen, Daan and F\"{a}hndrich, Manuel and Sagiv, Mooly},
	title = {{Eventually Consistent Transactions}},
	booktitle = {{Proceedings of the 21st European Conference on Programming Languages and Systems}},
	series = {ESOP'12},
	year = {2012},
	isbn = {978-3-642-28868-5},
	location = {Tallinn, Estonia},
	pages = {67--86},
	numpages = {20},
	doi = {10.1007/978-3-642-28869-2_4},
	acmid = {2259252},
	publisher = {Springer-Verlag},
	address = {Berlin, Heidelberg},
}

@article{Serializability,
	author = {Papadimitriou, Christos H.},
	title = {{The Serializability of Concurrent Database Updates}},
	journal = {{Journal of the ACM}},
	issue_date = {Oct. 1979},
	volume = {26},
	number = {4},
	month = oct,
	year = {1979},
	issn = {0004-5411},
	pages = {631--653},
	numpages = {23},
	doi = {10.1145/322154.322158},
	acmid = {322158},
	publisher = {ACM},
	address = {New York, NY, USA},
}


@misc{Brewer2000,
	author={Brewer, Eric},
	title={{Towards Robust Distributed Systems (Invited Talk)}},
	series = {PODC},
	year = {2000}
}


@article{Gilbert2002,
	author = {Gilbert, Seth and Lynch, Nancy},
	title = {Brewer's Conjecture and the Feasibility of Consistent, Available, Partition-tolerant Web Services},
	journal = {SIGACT News},
	issue_date = {June 2002},
	volume = {33},
	number = {2},
	month = jun,
	year = {2002},
	issn = {0163-5700},
	pages = {51--59},
	numpages = {9},
	doi = {10.1145/564585.564601},
	acmid = {564601},
	publisher = {ACM},
	address = {New York, NY, USA},
}


@inproceedings{Dynamo,
	author = {DeCandia, Giuseppe and Hastorun, Deniz and Jampani, Madan and Kakulapati, Gunavardhan and Lakshman, Avinash and Pilchin, Alex and Sivasubramanian, Swaminathan and Vosshall, Peter and Vogels, Werner},
	title = {{Dynamo: Amazon's Highly Available Key-value Store}},
	booktitle = {{Proceedings of Twenty-first ACM SIGOPS Symposium on Operating Systems Principles}},
	series = {SOSP '07},
	year = {2007},
	isbn = {978-1-59593-591-5},
	location = {Stevenson, Washington, USA},
	pages = {205--220},
	numpages = {16},
	doi = {10.1145/1294261.1294281},
	acmid = {1294281},
	publisher = {ACM},
	address = {New York, NY, USA},
	keywords = {performance, reliability, scalability},
}


@article{Cassandra,
	author = {Lakshman, Avinash and Malik, Prashant},
	title = {{Cassandra: A Decentralized Structured Storage System}},
	journal = {{SIGOPS Operating Systems Review}},
	issue_date = {April 2010},
	volume = {44},
	number = {2},
	month = apr,
	year = {2010},
	issn = {0163-5980},
	pages = {35--40},
	numpages = {6},
	doi = {10.1145/1773912.1773922},
	acmid = {1773922},
	publisher = {ACM},
	address = {New York, NY, USA},
}

@inproceedings{DynamoDB,
	author = {Sivasubramanian, Swaminathan},
	title = {{Amazon dynamoDB: A Seamlessly Scalable Non-relational Database Service}},
	booktitle = {{Proceedings of the 2012 ACM SIGMOD International Conference on Management of Data}},
	series = {SIGMOD '12},
	year = {2012},
	isbn = {978-1-4503-1247-9},
	location = {Scottsdale, Arizona, USA},
	pages = {729--730},
	numpages = {2},
	doi = {10.1145/2213836.2213945},
	acmid = {2213945},
	publisher = {ACM},
	address = {New York, NY, USA},
	keywords = {distributed databases, non-relational databases, scalability},
}

@inproceedings{Burckhardt2014,
	author = {Burckhardt, Sebastian and Gotsman, Alexey and Yang, Hongseok and Zawirski, Marek},
	title = {{Replicated Data Types: Specification, Verification, Optimality}},
	booktitle = {{Proceedings of the 41st ACM SIGPLAN-SIGACT Symposium on Principles of Programming Languages}},
	series = {POPL '14},
	year = {2014},
	isbn = {978-1-4503-2544-8},
	location = {San Diego, California, USA},
	pages = {271--284},
	numpages = {14},
	doi = {10.1145/2535838.2535848},
	acmid = {2535848},
	publisher = {ACM},
	address = {New York, NY, USA},
	keywords = {eventual consistency, replication, weak memory},
}

@inproceedings{Pileus,
	author = {Terry, Douglas B. and Prabhakaran, Vijayan and Kotla, Ramakrishna and Balakrishnan, Mahesh and Aguilera, Marcos K. and Abu-Libdeh, Hussam},
	title = {{Consistency-based Service Level Agreements for Cloud Storage}},
	booktitle = {{Proceedings of the Twenty-Fourth ACM Symposium on Operating Systems Principles}},
	series = {SOSP '13},
	year = {2013},
	isbn = {978-1-4503-2388-8},
	location = {Farminton, Pennsylvania},
	pages = {309--324},
	numpages = {16},
	doi = {10.1145/2517349.2522731},
	acmid = {2522731},
	publisher = {ACM},
	address = {New York, NY, USA},
	keywords = {cloud computing, consistency, replication, service level agreement, storage},
}

@inproceedings{RedBlue,
	author = {Li, Cheng and Porto, Daniel and Clement, Allen and Gehrke, Johannes and Pregui\c{c}a, Nuno and Rodrigues, Rodrigo},
	title = {{Making Geo-replicated Systems Fast As Possible, Consistent when Necessary}},
	booktitle = {{Proceedings of the 10th USENIX Conference on Operating Systems Design and Implementation}},
	series = {OSDI'12},
	year = {2012},
	isbn = {978-1-931971-96-6},
	location = {Hollywood, CA, USA},
	pages = {265--278},
	numpages = {14},
	url = {http://dl.acm.org/citation.cfm?id=2387880.2387906},
	acmid = {2387906},
	publisher = {USENIX Association},
	address = {Berkeley, CA, USA},
}


@article{IConfluence,
	author    = {Peter Bailis and Alan Fekete and Michael J. Franklin and Ali Ghodsi and Joseph M. Hellerstein and Ion Stoica},
	title     = {{Coordination-Avoiding Database Systems}},
	journal   = {CoRR},
	year      = {2014},
	volume    = {abs/1402.2237},
	url       = {http://arxiv.org/abs/1402.2237},
}

@article{BailisHAT,
	author = {Peter Bailis and Aaron Davidson and Alan Fekete and Ali Ghodsi and Joseph M. Hellerstein and Ion Stoica},
	title     = {{Highly Available Transactions: Virtues and Limitations}},
	journal   = {PVLDB},
	volume    = {7},
	number    = {3},
	year      = {2013},
	pages     = {181-192},
	ee        = {http://www.vldb.org/pvldb/vol7/p181-bailis.pdf},
	bibsource = {DBLP, http://dblp.uni-trier.de}
}

@inproceedings{COPS,
	author = {Lloyd, Wyatt and Freedman, Michael J. and Kaminsky, Michael and Andersen, David G.},
	title = {Don'T Settle for Eventual: Scalable Causal Consistency for Wide-area Storage with COPS},
	booktitle = {Proceedings of the Twenty-Third ACM Symposium on Operating Systems Principles},
	series = {SOSP '11},
	year = {2011},
	isbn = {978-1-4503-0977-6},
	location = {Cascais, Portugal},
	pages = {401--416},
	numpages = {16},
	doi = {10.1145/2043556.2043593},
	acmid = {2043593},
	publisher = {ACM},
	address = {New York, NY, USA},
	keywords = {ALPS systems, causal + consistency, key-value storage, read transactions, scalable wide-area replication},
}

@inproceedings{Session,
	author = {Terry, Douglas B. and Demers, Alan J. and Petersen, Karin and Spreitzer, Mike and Theimer, Marvin and Welch, Brent W.},
	title = {Session Guarantees for Weakly Consistent Replicated Data},
	booktitle = {Proceedings of the Third International Conference on Parallel and Distributed Information Systems},
	series = {PDIS '94},
	year = {1994},
	isbn = {0-8186-6400-2},
	pages = {140--149},
	numpages = {10},
	url = {http://dl.acm.org/citation.cfm?id=645792.668302},
	acmid = {668302},
	publisher = {IEEE Computer Society},
	address = {Washington, DC, USA},
}

@inproceedings{Bayou,
	author = {Petersen, Karin and Spreitzer, Mike J. and Terry, Douglas B. and Theimer, Marvin M. and Demers, Alan J.},
	title = {{Flexible Update Propagation for Weakly Consistent Replication}},
	booktitle = {{Proceedings of the Sixteenth ACM Symposium on Operating Systems Principles}},
	series = {SOSP '97},
	year = {1997},
	isbn = {0-89791-916-5},
	location = {Saint Malo, France},
	pages = {288--301},
	numpages = {14},
	doi = {10.1145/268998.266711},
	acmid = {266711},
	publisher = {ACM},
	address = {New York, NY, USA},
}

@inproceedings{Tango,
	author = {Balakrishnan, Mahesh and Malkhi, Dahlia and Wobber, Ted and Wu, Ming and Prabhakaran, Vijayan and Wei, Michael and Davis, John D. and Rao, Sriram and Zou, Tao and Zuck, Aviad},
	title = {{Tango: Distributed Data Structures over a Shared Log}},
	booktitle = {{Proceedings of the Twenty-Fourth ACM Symposium on Operating Systems Principles}},
	series = {SOSP '13},
	year = {2013},
	isbn = {978-1-4503-2388-8},
	location = {Farminton, Pennsylvania},
	pages = {325--340},
	numpages = {16},
	doi = {10.1145/2517349.2522732},
	acmid = {2522732},
	publisher = {ACM},
	address = {New York, NY, USA},
}

@inproceedings{indigo,
  author = {Valter Balegas and Nuno Pregui{\c c}a and Rodrigo Rodrigues and S{\'e}rgio Duarte and Carla Ferreira and Mahsa Najafzadeh and Marc Shapiro},
  title =  {{Putting the Consistency back into Eventual Consistency}},
  booktitle = {{Proceedings of the Tenth European Conference on Computer System}},
  year = {2015},
  series = {EuroSys '15},
  address =  {Bordeaux, France},
  url =   {http://lip6.fr/Marc.Shapiro/papers/putting-consistency-back-EuroSys-2015.pdf}
}

@inproceedings{Burckhardt2015,
 author = {Sebastian Burckhardt and Daan Leijen and Jonathan Protzenko and Manuel F\"{a}hndrich},
 title = {{Global Sequence Protocol: A Robust Abstraction for Replicated Shared State}},
 booktitle = {{Proceedings of the 29th European Conference on Object-Oriented Programming}},
year = {2015},
 series = {ECOOP '15},
 address = {Prague, Czech Republic},
 url = {http://research.microsoft.com/pubs/240462/gsp-tr-2015-2.pdf}
}

@techreport{techrep,
  author = {{KC Sivaramakrishnan} and Gowtham Kaki and Suresh Jagannathan},
  title = {{Declarative Programming over Eventually Consistent Data
          Store}},
  institution = {Purdue University},
  number = {TR-15-002},
  url = {http://docs.lib.purdue.edu/cstech/1776/},
  year = 2015}
